<record><leader>00000cas a22000007a 4500</leader><controlfield tag="001">20967363</controlfield><controlfield tag="008">900129d18791967pauwr ne      0    0eng d</controlfield><datafield ind1=" " ind2=" " tag="010"><subfield code="a">sn 90069167 </subfield></datafield><datafield ind1=" " ind2=" " tag="040"><subfield code="a">NPH</subfield><subfield code="b">eng</subfield><subfield code="c">NPH</subfield><subfield code="d">OCLCQ</subfield></datafield><datafield ind1=" " ind2=" " tag="042"><subfield code="a">msc</subfield></datafield><datafield ind1="0" ind2="0" tag="245"><subfield code="a">New Oxford item.</subfield></datafield><datafield ind1="3" ind2="0" tag="246"><subfield code="a">New Oxford item East Berlin news-comet</subfield></datafield><datafield ind1="1" ind2="3" tag="246"><subfield code="a">Item</subfield></datafield><datafield ind1="1" ind2="3" tag="246"><subfield code="a">News comet</subfield></datafield><datafield ind1=" " ind2=" " tag="260"><subfield code="a">New Oxford, Pa. :</subfield><subfield code="b">H.I. Smith,</subfield><subfield code="c">-1967.</subfield></datafield><datafield ind1=" " ind2=" " tag="300"><subfield code="a">v. :</subfield><subfield code="b">ill. ;</subfield><subfield code="c">56 cm.</subfield></datafield><datafield ind1=" " ind2=" " tag="310"><subfield code="a">Weekly</subfield></datafield><datafield ind1="0" ind2=" " tag="362"><subfield code="a">Vol. 1, no. 1 (Apr. 18, 1879)-v. 89, no. 41 (Feb. 23, 1967).</subfield></datafield><datafield ind1=" " ind2=" " tag="580"><subfield code="a">Published as: New Oxford item East Berlin news-comet, Sept. 4, 1952-Dec. 25, 1952.</subfield></datafield><datafield ind1=" " ind2=" " tag="752"><subfield code="a">United States</subfield><subfield code="b">Pennsylvania</subfield><subfield code="c">Adams</subfield><subfield code="d">New Oxford.</subfield></datafield><datafield ind1="0" ind2="5" tag="780"><subfield code="t">News comet (East Berlin, Pa.)</subfield><subfield code="w">(OCoLC)20967285</subfield></datafield><datafield ind1="0" ind2="4" tag="785"><subfield code="t">Gettysburg times</subfield><subfield code="w">(DLC)   12443209</subfield></datafield></record>